@article{余丹阳2018基于,
  title={基于 VAR 模型的旅游业总收入对 GDP 影响的实证分析——以湖南省为例 An Empirical Analysis of the Impact of Total Tourism Revenue on GDP Based on VaR Model—Taking Hunan Province as an Example},
  author={余丹阳 and 陈国华},
  journal={Statistics and Application},
  volume={7},
  pages={457},
  year={2018},
  publisher={中文学术期刊, 汉斯出版社, Hans Publishers}
}
@article{王纯阳2010基于,
  title={基于 VAR 模型的入境旅游需求影响因素研究},
  author={王纯阳 and 黄福才},
  journal={江西财经大学学报},
  volume={1},
  pages={39--45},
  year={2010}
}
@article{吴丽云2010我国旅游业与经济增长的关系分析,
  title={我国旅游业与经济增长的关系分析},
  author={吴丽云 and 董锁成 and 杨国安},
  journal={江西农业学报},
  volume={22},
  number={10},
  pages={159--162},
  year={2010}
}
@article{song2006forecasting,
  title={Forecasting international tourist flows to Macau},
  author={Song, Haiyan and Witt, Stephen F},
  journal={Tourism management},
  volume={27},
  number={2},
  pages={214--224},
  year={2006},
  publisher={Elsevier}
}
@article{中华2014中,
  title={中国统计年鉴},
  author={中华人民共和国国家统计局},
  journal={北京: 中国统计出版},
  year={2014}
}